@misc{baumann2018,
      title={\textit{"TASI Lectures on Primordial Cosmology"}}, 
      author={Daniel Baumann},
      year={2018},
      eprint={1807.03098},
      archivePrefix={arXiv},
      primaryClass={hep-th}
}
@book{pais:1988,
   title =     {\textit{"Inward Bound: Of Matter and Forces in the Physical World"}},
   author =    {Abraham Pais},
   publisher = {Oxford University Press, USA},
   isbn =      {0198519974,9780198519973},
   year =      {1988},
}
@misc{nasa,
    author = {NASA},
    	 title = "{\textit{"Dark Energy, Dark Matter"}}",
  howpublished = {\url {https://science.nasa.gov/astrophysics/focus-areas/what-is-dark-energy}},
          note = {apr. 2021}
}
@article{Piattella_2018,
   title={\textit{Lecture Notes in Cosmology}},
   ISBN={9783319955704},
   ISSN={2198-7890},
   url={http://dx.doi.org/10.1007/978-3-319-95570-4},
   DOI={10.1007/978-3-319-95570-4},
   journal={UNITEXT for Physics},
   publisher={Springer International Publishing},
   author={Piattella, Oliver},
   year={2018}
}
@article{Piattella_2018,
   title={\textit{Estimating Milky-Way Dark Matter: Its Amount and Distribution,}},
   ISSN={2326-0491},
   url={https://scholarworks.uark.edu/jaas/vol50/iss1/23},
   journal={Journal of the Arkansas Academy of Science: Vol. 50 , Article 23},
   author={Clayton, Jeffery E.; McCloskey, Sue Ellen; and Braithwaite, Wilfred J.},
   year={1996}
}
@article{Salucci_2019,
   title={The distribution of dark matter in galaxies},
   volume={27},
   ISSN={1432-0754},
   url={http://dx.doi.org/10.1007/s00159-018-0113-1},
   DOI={10.1007/s00159-018-0113-1},
   number={1},
   journal={The Astronomy and Astrophysics Review},
   publisher={Springer Science and Business Media LLC},
   author={Salucci, Paolo},
   year={2019},
   month={Feb}
}
@misc{susskind,
  author        = {Susskind, Leonard},
  title         = {\textit{"Lesson 6 : Dark matter and allocationof energy density"}},
  howpublished  = {\url{https://www.lapasserelle.com/cosmology/lesson_6.pdf}},
  month         = {Winter},
  year          = {2013}
}
@misc{last,
  author        = {Pogosyan, Dmitri},
  title         = {\textit{"Lesson 24 : Astronomy 122: Astronomy of Stars and Galaxies"}},
  howpublished  = {\url{https://sites.ualberta.ca/~pogosyan/teaching/ASTRO_122/}}
}
@misc{m33,
  author        = {Robert Gendler, Subaru Telescope},
  title         = {\textit{"M33: Triangulum Galaxy"}},
  howpublished  = {\url{https://apod.nasa.gov/apod/ap121220.html}},
  month         = {December 20},
  year          = {2012}
}