@article{landau1937theory,
  title={\textit{"On the theory of phase transitions. I."}},
  author={Landau, Lev Davidovich},
  journal={Zh. Eksp. Teor. Fiz.},
  volume={11},
  pages={19},
  year={1937}
}
@incollection{ginzburg2009theory,
  title={On the theory of superconductivity},
  author={Ginzburg, Vitaly L and Landau, Lev D},
  booktitle={On superconductivity and superfluidity},
  pages={113--137},
  year={2009},
  publisher={Springer}
}
@article{kadanoff1966scaling,
  title={Scaling laws for Ising models near T c},
  author={Kadanoff, Leo P},
  journal={Physics Physique Fizika},
  volume={2},
  number={6},
  pages={263},
  year={1966},
  publisher={APS}
}
@article{wilson1975renormalization,
  title={The renormalization group: Critical phenomena and the Kondo problem},
  author={Wilson, Kenneth G},
  journal={Reviews of modern physics},
  volume={47},
  number={4},
  pages={773},
  year={1975},
  publisher={APS}
}
@article{cerruti2001clustering,
  title={On the clustering phase transition in self-gravitating N-body systems},
  author={Cerruti-Sola, Monica and Cipriani, Piero and Pettini, Marco},
  %journal={Monthly Notices of the Royal Astronomical Society},
  volume={328},
  number={1},
  pages={339--352},
  year={2001},
  publisher={Blackwell Science Ltd Oxford, UK}
}
@article{wilson1974confinement,
  title={Confinement of quarks},
  author={Wilson, Kenneth G},
  journal={Physical review D},
  volume={10},
  number={8},
  pages={2445},
  year={1974},
  publisher={APS}
}
@misc{wagner,
  author        = {Werner Andreas},
  title         = {Lecture notes : The Mermin-Wagner Theorem},
  month         = {June 24},  
  year          = {2010},
  publisher={Goethe-Universität Frankfurt }
}
@article{mermin1966absence,
  title={Absence of ferromagnetism or antiferromagnetism in one-or two-dimensional isotropic Heisenberg models},
  author={Mermin, N David and Wagner, Herbert},
  journal={Physical Review Letters},
  volume={17},
  number={22},
  pages={1133},
  year={1966},
  publisher={APS}
}
@article{hohenberg1967existence,
  title={Existence of long-range order in one and two dimensions},
  author={Hohenberg, Pierre C},
  journal={Physical Review},
  volume={158},
  number={2},
  pages={383},
  year={1967},
  publisher={APS}
}
@phdthesis{Alsolami2012Auth,
    title    = {Beyond the Landau-Ginzburg-Wilson paradigm: Analytical studies of non-standard quantum criticality},
    school   = {Ludwig–Maximilians–Universität München},
    author   = {Pimenov, Dimitri},
    year     = {2019},
    type     = {{PhD} dissertation},
}
@article{caiani1997geometry,
  title={Geometry of dynamics, Lyapunov exponents, and phase transitions},
  author={Caiani, Lando and Casetti, Lapo and Clementi, Cecilia and Pettini, Marco},
  journal={Physical review letters},
  volume={79},
  number={22},
  pages={4361},
  year={1997},
  publisher={APS}
}
@book{marco:hal-01260170,
  TITLE = {{Geometry and Topology in Hamiltonian Dynamics and Statistical Mechanics}},
  AUTHOR = {Marco, Pettini},
  URL = {https://hal.archives-ouvertes.fr/hal-01260170},
  PUBLISHER = {{Springer}},
  SERIES = {Interdisciplinary Applied Mathematics},
  NUMBER = {33},
  YEAR = {2007},
  HAL_ID = {hal-01260170},
  HAL_VERSION = {v1},
}
@article{bel2021geometrical,
  title={Geometrical and topological study of the Kosterlitz--Thouless phase transition in the XY model in two dimensions},
  author={Bel-Hadj-Aissa, Ghofrane and Gori, Matteo and Franzosi, Roberto and Pettini, Marco},
  journal={Journal of Statistical Mechanics: Theory and Experiment},
  volume={2021},
  number={2},
  pages={023206},
  year={2021},
  publisher={IOP Publishing}
}
@article{cerruti2000hamiltonian,
  title={Hamiltonian dynamics and geometry of phase transitions in classical XY models},
  author={Cerruti-Sola, Monica and Clementi, Cecilia and Pettini, Marco},
  journal={Physical Review E},
  volume={61},
  number={5},
  pages={5171},
  year={2000},
  publisher={APS}
}
@article{Caiani_1997,
	%doi = {10.1103/physrevlett.79.4361},
  
	url = {https://doi.org/10.1103%2Fphysrevlett.79.4361},
  
	year = 1997,
	month = {dec},
  
	publisher = {American Physical Society ({APS})},
  
	volume = {79},
  
	number = {22},
  
	pages = {4361--4364},
  
	author = {Lando Caiani and Lapo Casetti and Cecilia Clementi and Marco Pettini},
  
	title = {Geometry of Dynamics, Lyapunov Exponents, and Phase Transitions},
  
	journal = {Physical Review Letters}
}
@misc{correlation,
  author        = {Menelaos Zikidis},
  title         = {Lecture notes : Kosterlitz-Thouless Transition},
  year          = {2016},
  publisher={Heidelberg University}
}
@phdthesis{corr2,
    title    = {Comparison of exact and numerical results in the XY model},
    school   = {Humboldt-Universit ̈at zu Berlin},
    author   = {Korzec, Tomasz},
    year     = {2003},
    type     = {{PhD} dissertation},
}
@misc{kosterlitz1973j,
  title={J. Phys. C: Solid State Phys.},
  author={Kosterlitz, JM and Thouless, DJ},
  year={1973}
}














