@article{first,
author = {Jennifer A. Johnson },
title = {Populating the periodic table: Nucleosynthesis of the elements},
journal = {Science},
volume = {363},
number = {6426},
pages = {474-478},
year = {2019},
doi = {10.1126/science.aau9540},
URL = {https://www.science.org/doi/abs/10.1126/science.aau9540},
eprint = {https://www.science.org/doi/pdf/10.1126/science.aau9540},
}
@book{second,
  title={Introductory nuclear physics},
  author={Krane, Kenneth S},
  year={1991},
  publisher={John Wiley \& Sons}
}
@incollection{third,
  title={Stellar nucleosynthesis},
  author={Prantzos, Nikos},
  booktitle={Lectures in Astrobiology},
  pages={1--43},
  year={2007},
  publisher={Springer}
}
