@misc{david,
      title={\textit{"A short introduction to the quantum formalism[s]"}}, 
      author={F. David},
      year={2012},
      eprint={1211.5627},
      archivePrefix={arXiv},
      primaryClass={math-ph},
      pages =     {Cahpter 4}
}
@book{isham,
   title =  {\textit{"Lectures on Quantum Theory Mathematical and Structural Foundations"}},
   author =    {Chris J Isham},
   publisher = {Imperial College, London, UK},
   year =      {1995},
   pages =     {Chapters 4 and 9}
}
@book{mackey,
  title={\textit{"The Mathematical Foundations of Quantum Mechanics"}},
  author={G.W. Mackey},
  year={1995},
  publisher={Benjamin Inc.}
}
@book{manjit,
   title =  {\textit{"Quantum : Einstein, Bohr and the great debate about the nature of reality"}},
   author =    {Kumar ,Manjit},
   publisher = {Icon Books Ltd},
   year =      {2014}
}
@book{omnes,
        title =  {\textit{"The Interpretation Of Quantum Mechanics"}},
   	author =    {Omn\'es ,Roland},
   	publisher = {Princeton Series in Physics},
   	year =      {1994}
}
@Article{Birkhoff,
  	author =       "G.Birkhoff, J.Von-Neumann",
  	title =        {\textit{"The logic of quantum mechanics"}},
  	journal =      {Annals of Mathematics},
  	volume =       "37",
  	pages =        "823--843",
  	year =         "1936",
  	journal-URL =  "http://annals.math.princeton.edu/",
}
@article{one,
 	URL = {http://www.jstor.org/stable/20014733},
 	author = {Robin Giles},
 	journal = {Studia Logica: An International Journal for Symbolic Logic},
 	number = {4},
 	pages = {397--415},
 	publisher = {Springer},
 	title = {\textit{"A Non-Classical Logic for Physics"}},
 	volume = {33},
 	year = {1974}
}
@Inbook{two,
	author={Foulis, David J.},
	title={\textit{A Half-Century of Quantum Logic What Have We Learned?}},
	year={1999},
	publisher={Springer Netherlands},
	pages={1--36},
	doi={10.1007/978-94-017-2834-8_1}
}
@article{plank,
	author = {P. Mittelstaedt},
	doi = {10.1007/s10773-007-9380-8},
	journal = {International Journal of Theoretical Physics},
	keywords = {\textit{"Planck’s constant, Quantum logic, Classical physics"}},
	number = {1},
	pages = {104-113},
	title = {Planck’s Constant in the Light of Quantum Logic},
	volume = {47},
	year = {2008},
}
@article{relativistic,
  	title={\textit{"Relativistic quantum logic"}},
  	author={P. Mittelstaedt},
  	journal={International Journal of Theoretical Physics},
  	volume={22},
  	number={4},
  	pages={293-314},
  	year={1983},
  	publisher={Springer}
}
@article{fuzzy1,
  	title={\textit{"Fuzzy quantum logic I"}},
  	author={Pykacz, Jaroslaw},
  	journal={International Journal of Theoretical Physics},
  	pages={1691-1708},
  	year={1993},
  	publisher={Springer}
}
@article{fuzzy2,
  title={\textit{"h-Fuzzy quantum logics"}},
  author={Mesiar, Radko},
  journal={International Journal of Theoretical Physics},
  volume={33},
  number={7},
  pages={1417--1425},
  year={1994},
  publisher={Springer}
}
@article{fuzzy3,
  title={\textit{"From Classical Logic to Fuzzy Logic and Quantum Logic: A General View"}},
  author={Nadaban, Sorin},
  journal={International Journal of Computers, Communications and Control},
  volume={16},
  number={1},
  year={2021},
  publisher={Agora University of Oradea}
}
@misc{bell1,
    title={\textit{"Logical Bell Inequalities"}},
    author={Samson Abramsky and Lucien Hardy},
    year={2012},
    eprint={1203.1352},
    archivePrefix={arXiv},
    primaryClass={quant-ph}
}
@misc{bell2,
    title={\textit{"Relation of the Bell inequalities with quantum logic, hidden variables and information theory"}},
    author={Emilio Santos},
    year={2002},
    eprint={quant-ph/0207062},
    archivePrefix={arXiv},
    primaryClass={quant-ph}
}
@article{bell3,
  title={\textit{"Bell inequalities on quantum logics"}},
  author={S. Pulmannov\'a and V. Majernik},
  journal={Journal of Mathematical Physics},
  volume={33},
  number={6},
  pages={2173-2178},
  year={1992},
  publisher={American Institute of Physics}
}
@article{santos,
  title={\textit{The Bell inequalities as tests of classical logic}},
  author={E. Santos},
  journal={Physics letters A},
  volume={115},
  number={8},
  pages={363--365},
  year={1986},
  publisher={Elsevier}
}
@book{logic,
        title =  {\textit{"A tour through mathematical logic"}},
   	author =    {R. Wolf},
   	publisher = {Mathematical Association of America.},
   	year =      {2005}
}
@article{pavicic2009quantum,
  title={\textit{"Is quantum logic a logic"}},
  author={M. Pavicic and N. Megill},
  journal={Handbook of Quantum Logic and Quantum Structures},
  pages={23--47},
  year={2009}
}
@book{pykacz1987quantum,
  title={\textit{"Quantum logics as families of fuzzy subsets of the set of physical states"}},
  author={Pykacz, Jaros\l aw},
  year={1987},
  publisher={Uniwersytet Gda\'nski}
}
@article{pykacz1994fuzzy,
  title={\textit{"Fuzzy quantum logics and infinite-valued \L ukasiewicz logic"}},
  author={Pykacz, Jaros\l aw},
  journal={International Journal of Theoretical Physics},
  volume={33},
  number={7},
  pages={1403--1416},
  year={1994},
  publisher={Springer}
}
@article{marchetti2007quantum,
  title={\textit{Quantum logic and non-commutative geometry}},
  author={P. Marchetti and R. Rubele},
  journal={International Journal of Theoretical Physics},
  volume={46},
  number={1},
  pages={49--62},
  year={2007},
  publisher={Springer}
}
@article{pavicic1999non,
  title={\textit{"Non-Orthomodular Models for Both Quantum Logic and Standard Classical Logic: Repercussions for Quantum Computers"}},
  author={M.Pavicic and N.Megill},
  journal={arXiv:quant-ph/9906101},
  year={1999}
}
